% bibtex file for report.tex.
% Paste citations here, and use \cite{item} in report.tex to 
% make an in-line citation to the item.

@inproceedings{qos_analysis_2022,
  author    = {Sharma, Akhilesh
               and Sharma, Aakanksha},
  editor    = {Saraswat, Mukesh
               and Roy, Sarbani
               and Chowdhury, Chandreyee
               and Gandomi, Amir H.},
  title     = {QoS Parameter Analysis of TCP and UDP Traffic Over Open Flow Enabled Software Defined Network},
  booktitle = {Proceedings of International Conference on Data Science and Applications},
  year      = {2022},
  publisher = {Springer Singapore},
  address   = {Singapore},
  pages     = {13-25},
  isbn      = {978-981-16-5120-5}
}

@inproceedings{mininet_emulation_2014,
  author    = {de Oliveira, Rogério Leão Santos and Schweitzer, Christiane Marie and Shinoda, Ailton Akira and Ligia Rodrigues Prete},
  booktitle = {2014 IEEE Colombian Conference on Communications and Computing (COLCOM)},
  title     = {Using Mininet for emulation and prototyping Software-Defined Networks},
  year      = {2014},
  volume    = {},
  number    = {},
  pages     = {1-6},
  doi       = {10.1109/ColComCon.2014.6860404}
}

@inproceedings{AweQoS_2020,
  author    = {Liu, Zhibin and Liu, Ziang and Huang, Yuanyuan and Liu, Xin and Zhou, Xiaokang and Zhou, Rui},
  booktitle = {2020 IEEE Intl Conf on Dependable, Autonomic and Secure Computing, Intl Conf on Pervasive Intelligence and Computing, Intl Conf on Cloud and Big Data Computing, Intl Conf on Cyber Science and Technology Congress (DASC/PiCom/CBDCom/CyberSciTech)},
  title     = {A Research of Distributed Security and QoS Testing Framework},
  year      = {2020},
  volume    = {},
  number    = {},
  pages     = {174-181},
  doi       = {10.1109/DASC-PICom-CBDCom-CyberSciTech49142.2020.00041}
}

@article{chauhan_atulkar_2020,
  title   = {Achieving enhanced network performance in UDP and TCP traffic of software defined networking by selecting Java based controllers decisively},
  volume  = {9},
  doi     = {10.35940/ijitee.g4868.059720},
  number  = {7},
  journal = {International Journal of Innovative Technology and Exploring Engineering},
  author  = {Chauhan, Pinkey and Atulkar, Mithilesh},
  year    = {2020},
  month   = {May},
  pages   = {268-274}
}

@article{babbar_2022,
  title   = {A genetic load balancing algorithm to improve the QoS metrics for software defined networking for multimedia applications},
  doi     = {10.1007/s11042-021-11467-x},
  journal = {Multimedia Tools and Applications},
  author  = {Babbar, Himanshi and Parthiban, S. and Radhakrishnan, G. and Rani, Shalli},
  year    = {2022}
}

@article{regencia_2021,
  title   = {Introducing a test framework for quality of service mechanisms in the context of software-defined networking},
  doi     = {10.1007/978-981-16-2380-6_60},
  journal = {Proceedings of Sixth International Congress on Information and Communication Technology},
  author  = {Regencia, Josiah Eleazar and Yu, William Emmanuel},
  year    = {2021},
  pages   = {687-699}
} 

@article{shamim2018performance,
  title   = {Performance analysis of different open flow based controller over software defined networking},
  author  = {Shamim, SM and Shisir, Shahadat and Hasan, Ahosanul and Hasan, Mehedi and Hossain, Arafat},
  journal = {Global Journal of Computer Science and Technology},
  year    = {2018}
}

@article{chauhan2020achieving,
  title   = {Achieving enhanced network performance in UDP and TCP traffic of software defined networking by selecting java based controllers decisively},
  author  = {Chauhan, Pinkey and Atulkar, Mithilesh},
  journal = {Int. J. Innov. Technol. Explor. Eng.(IJITEE)},
  volume  = {9},
  number  = {7},
  year    = {2020}
}

@article{althobyani2018implementing,
  title     = {Implementing an SDN based learning switch to measure and evaluate UDP traffic},
  author    = {Althobyani, Majed and Wang, Xingang},
  journal   = {Computers \& Electrical Engineering},
  volume    = {66},
  pages     = {342--352},
  year      = {2018},
  publisher = {Elsevier}
}

@inproceedings{taxonomy,
  author    = {Sabata, B. and Chatterjee, S. and Davis, M. and Sydir, J.J. and Lawrence, T.F.},
  booktitle = {Proceedings Third International Workshop on Object-Oriented Real-Time Dependable Systems},
  title     = {Taxonomy for QoS specifications},
  year      = {1997},
  volume    = {},
  number    = {},
  pages     = {100-107},
  doi       = {10.1109/WORDS.1997.609931}
}

@article{qoe_qos_2010,
  author  = {Fiedler, Markus and Hossfeld, Tobias and Tran-Gia, Phuoc},
  journal = {IEEE Network},
  title   = {A generic quantitative relationship between quality of experience and quality of service},
  year    = {2010},
  volume  = {24},
  number  = {2},
  pages   = {36-41},
  doi     = {10.1109/MNET.2010.5430142}
}

@article{qoe_qos_2014,
  title   = {Quality of service versus quality of experience},
  doi     = {10.1007/978-3-319-02681-7_6},
  journal = {Quality of Experience},
  author  = {Varela, Martín and Skorin-Kapov, Lea and Ebrahimi, Touradj},
  year    = {2014},
  month   = {Mar},
  pages   = {85-96}
}
